@PHDTHESIS{nordvallforsberg2013thesis,
 author    = {Nordvall Forsberg, Fredrik},
 title     = {Inductive-inductive definitions},
 school    = {Swansea University},
 year      = {2013}
}

@INCOLLECTION{nordvallforsbergSetzer2012finIndind,
author    = {Nordvall Forsberg, Fredrik and Setzer, Anton},
title     = {A finite axiomatisation of inductive-inductive definitions},
booktitle = {Logic, Construction, Computation},
publisher = {Ontos Verlag},
year      = {2012},
editor    = {Berger, Ulrich and Diener Hannes and  Schuster, Peter and Seisenberger, Monika},
volume    = {3},
series    = {Ontos mathematical logic},
pages     = {259--287}
}

@INPROCEEDINGS{altenkirchMorrisNordvallforsbergSetzer2011indindCatsem,
  author    = {Altenkirch, Thorsten and Morris, Peter and Nordvall Forsberg, Fredrik and Setzer, Anton},
  title     = {A categorical semantics for inductive-inductive definitions},
  booktitle = {CALCO 2011},
  year      = {2011},
  editor    = {Corradini, Andrea and Klin, Bartek and Cirstea, Corina},
  series    = {Lecture Notes in Computer Science},
  volume    = {6859},
  pages     = {70--84},
  publisher = {Springer, Heidelberg}
}

@INPROCEEDINGS{nordvallforsbergSetzer2010inductiveinductive,
  author    = {Nordvall Forsberg, Fredrik and Setzer, Anton},
  title     = {Inductive-Inductive Definitions},
  booktitle = {CSL 2010},
  year      = {2010},
  editor    = {Dawar, Anuj and Veith, Helmut},
  series    = {Lecture Notes in Computer Science},
  volume    = {6247},
  pages     = {454--468},
  publisher = {Springer, Heidelberg}
}

@ARTICLE{ghaniMalatestaNordvallforsberg2015posIR,
 author    = {Ghani, Neil and Malatesta, Lorenzo and Nordvall Forsberg, Fredrik},
 title     = {Positive Inductive-Recursive Definitions},
 journal   = {Logical Methods in Computer Science},
 volume    = {11},
 number    = {1},
 year      = {2015},
 doi       = {10.2168/LMCS-11(1:13)2015},
}

@article{altenkirch2016type,
  title={Type theory in type theory using quotient inductive types},
  author={Altenkirch, Thorsten and Kaposi, Ambrus},
  journal={ACM SIGPLAN Notices},
  volume={51},
  number={1},
  pages={18--29},
  year={2016},
  publisher={ACM}
}

@inproceedings{alti:tlca13-small-ir,
  author    = {Peter Hancock and
               Conor McBride and
               Neil Ghani and
               Lorenzo Malatesta and
               Thorsten Altenkirch},
  title     = {Small Induction Recursion},
  booktitle = {Typed Lambda Calculi and Applications, 11th International
               Conference, TLCA 2013},
  year      = {2013},
  pages     = {156-172},
  ee        = {http://dx.doi.org/10.1007/978-3-642-38946-7_13},
  crossref  = {DBLP:conf/tlca/2013},
  bibsource = {DBLP, http://dblp.uni-trier.de}
}

@article{altenkirch2015indexed,
  title={Indexed containers},
  author={Altenkirch, Thorsten and Ghani, Neil and Hancock, Peter and McBride, Conor and Morris, Peter},
  journal={Journal of Functional Programming},
  volume={25},
  pages={e5},
  year={2015},
  publisher={Cambridge University Press}
}

@InProceedings{alti:lics09,
  author =	 {Peter Morris and Thorsten Altenkirch},
  title =	 {Indexed Containers},
  year = 	 {2009},
  booktitle =	 {Twenty-Fourth IEEE Symposium in Logic in Computer Science (LICS 2009)},
}

@incollection{MARTINLOF197573,
  title = "An Intuitionistic Theory of Types: Predicative Part",
  editor = "H.E. Rose and J.C. Shepherdson",
  series = "Studies in Logic and the Foundations of Mathematics",
  publisher = "Elsevier",
  volume = "80",
  pages = "73 - 118",
  year = "1975",
  booktitle = "Logic Colloquium '73",
  issn = "0049-237X",
  doi = "https://doi.org/10.1016/S0049-237X(08)71945-1",
  url = "http://www.sciencedirect.com/science/article/pii/S0049237X08719451",
  author = "Per Martin-Löf"
}

@Book{hottbook,
  author =    {The {Univalent Foundations Program}},
  title =     {Homotopy Type Theory: Univalent Foundations of Mathematics},
  publisher = {\url{https://homotopytypetheory.org/book}},
  address =   {Institute for Advanced Study},
  year =      {2013},
}

@InProceedings{finiteaxiomatizationIR,
  author="Dybjer, Peter
  and Setzer, Anton",
  editor="Girard, Jean-Yves",
  title="A Finite Axiomatization of Inductive-Recursive Definitions",
  booktitle="Typed Lambda Calculi and Applications",
  year="1999",
  publisher="Springer Berlin Heidelberg",
  address="Berlin, Heidelberg",
  pages="129--146",
  abstract="Induction-recursion is a schema which formalizes the principles for introducing new sets in Martin-L{\"o}f 's type theory. It states that we may inductively define a set while simultaneously defining a function from this set into an arbitrary type by structural recursion. This extends the notion of an inductively defined set substantially and allows us to introduce universes and higher order universes (but not a Mahlo universe). In this article we give a finite axiomatization of inductive-recursive definitions. We prove consistency by constructing a set-theoretic model which makes use of one Mahlo cardinal.",
  isbn="978-3-540-48959-7"
}

@InProceedings{danielssonIRdeptype,
author="Danielsson, Nils Anders",
editor="Altenkirch, Thorsten
and McBride, Conor",
title="A Formalisation of a Dependently Typed Language as an Inductive-Recursive Family",
booktitle="Types for Proofs and Programs",
year="2007",
publisher="Springer Berlin Heidelberg",
address="Berlin, Heidelberg",
pages="93--109",
abstract="It is demonstrated how a dependently typed lambda calculus (a logical framework) can be formalised inside a language with inductive-recursive families. The formalisation does not use raw terms; the well-typed terms are defined directly. It is hence impossible to create ill-typed terms.",
isbn="978-3-540-74464-1"
}

@article{CHAPMAN200921,
title = "Type Theory Should Eat Itself",
journal = "Electronic Notes in Theoretical Computer Science",
volume = "228",
pages = "21 - 36",
year = "2009",
note = "Proceedings of the International Workshop on Logical Frameworks and Metalanguages: Theory and Practice (LFMTP 2008)",
issn = "1571-0661",
doi = "https://doi.org/10.1016/j.entcs.2008.12.114",
url = "http://www.sciencedirect.com/science/article/pii/S157106610800577X",
author = "James Chapman",
keywords = "big-step normalisation, typed syntax, type theory, Agda, explicit substitutions"
}

@book{conway2000numbers,
  title={On Numbers and Games},
  author={Conway, J.H.},
  isbn={9781568811277},
  lccn={00046927},
  series={Ak Peters Series},
  url={https://books.google.com/books?id=tXiVo8qA5PQC},
  year={2000},
  publisher={Taylor \& Francis}
}

@article{Altenkirch2016QuotientIT,
  title={Quotient inductive-inductive types},
  author={Thorsten Altenkirch and Paolo Capriotti and Gabe Dijkstra and Fredrik Nordvall Forsberg},
  journal={CoRR},
  year={2016},
  volume={abs/1612.02346}
}

@InProceedings{KaposiKovacsHIITsyntax,
  author =	{Ambrus Kaposi and Andr{\'a}s Kov{\'a}cs},
  title =	{{A Syntax for Higher Inductive-Inductive Types}},
  booktitle =	{3rd International Conference on Formal Structures for  Computation and Deduction (FSCD 2018)},
  pages =	{20:1--20:18},
  series =	{Leibniz International Proceedings in Informatics (LIPIcs)},
  ISBN =	{978-3-95977-077-4},
  ISSN =	{1868-8969},
  year =	{2018},
  volume =	{108},
  editor =	{H{\'e}l{\`e}ne Kirchner},
  publisher =	{Schloss Dagstuhl--Leibniz-Zentrum fuer Informatik},
  address =	{Dagstuhl, Germany},
  URL =		{http://drops.dagstuhl.de/opus/volltexte/2018/9190},
  URN =		{urn:nbn:de:0030-drops-91906},
  doi =		{10.4230/LIPIcs.FSCD.2018.20},
  annote =	{Keywords: homotopy type theory, inductive-inductive types, higher inductive types, quotient inductive types, logical relations}
}

@InProceedings{AltenkirchKaposiKovacsConstructingQIITs,
  author = {Thorsten Altenkirch and Ambrus Kaposi and Andr{\'a}s Kov{\'a}cs},
  title = {{Constructing Quotient Inductive-Inductive Types}},
  booktitle = {POPL},
  journal = {POPL},
  year = {2019}
}

@article{nonwellfoundedtrees,
  author = {Ahrens, Benedikt and Capriotti, Paolo and Spadotti, Régis},
  year = {2015},
  month = {04},
  title = {Non-wellfounded trees in Homotopy Type Theory}
}

@article{cubicaltt_ifcolog,
  author  = {Cohen, Cyril and Coquand, Thierry and Huber, Simon and M\"ortberg, Anders},
  title   = {{Cubical Type Theory: a constructive interpretation of the univalence axiom}},
  journal = {IfCoLog Journal of Logics and their Applications},
  url     = {http://www.collegepublications.co.uk/journals/ifcolog/?00019},
  year    = {2017},
  month   = nov,
  volume  = {4},
  number  = {10},
  pages   = {3127-3169},
}

@incollection {groupoidmodel,
    AUTHOR = {Hofmann, Martin and Streicher, Thomas},
     TITLE = {The groupoid interpretation of type theory},
 BOOKTITLE = {Twenty-five years of constructive type theory
              ({V}enice, 1995)},
    SERIES = {Oxford Logic Guides},
    VOLUME = {36},
     PAGES = {83--111},
 PUBLISHER = {Oxford Univ. Press},
   ADDRESS = {New York},
      YEAR = {1998},
   MRCLASS = {03B15 (68N15 68Q55)},
  MRNUMBER = {1686862},
}

@article{simplicialsets,
  author    = {Hugo Herbelin},
  title     = {A dependently-typed construction of semi-simplicial types},
  journal   = {Mathematical Structures in Computer Science},
  volume    = {25},
  number    = {5},
  pages     = {1116--1131},
  year      = {2015}
}

@article{bidirectional-typing,
 author = {Pierce, Benjamin C. and Turner, David N.},
 title = {Local Type Inference},
 journal = {ACM Trans. Program. Lang. Syst.},
 issue_date = {Jan. 2000},
 volume = {22},
 number = {1},
 month = jan,
 year = {2000},
 issn = {0164-0925},
 pages = {1--44},
 numpages = {44},
 url = {http://doi.acm.org/10.1145/345099.345100},
 doi = {10.1145/345099.345100},
 acmid = {345100},
 publisher = {ACM},
 address = {New York, NY, USA},
 keywords = {polymorphism, subtyping, type inference},
} 

@article{structural-cut-elimination,
title = "Structural Cut Elimination: I. Intuitionistic and Classical Logic",
journal = "Information and Computation",
volume = "157",
number = "1",
pages = "84 - 141",
year = "2000",
issn = "0890-5401",
doi = "https://doi.org/10.1006/inco.1999.2832",
url = "http://www.sciencedirect.com/science/article/pii/S0890540199928328",
author = "Frank Pfenning"
}

@misc{hit_extension_kraus_2018,
 title={Reference that HITs are a strict extension of HoTT},
 url={https://groups.google.com/forum/\#!topic/homotopytypetheory/JLmqNqYWVQE},
 journal={Homotopy Type Theory},
 author={Kraus, Nicolai},
 year={2018}, month={Sep}
}

@misc{Coq880,
  author       = {The {Coq Development Team}},
  title        = {The Coq Proof Assistant, version 8.8.0},
  month        = apr,
  year         = {2018},
  doi          = {10.5281/zenodo.1219885},
  url          = {https://doi.org/10.5281/zenodo.1219885}
}

@misc{AddingCubesToAgda,
  author = {Andrea Vezzosi},
  title = {Adding Cubes to Agda},
  year = {2017},
  organization={HoTT/UF},
  url = {https://hott-uf.github.io/2017/abstracts/cubicalagda.pdf}
}
